@article{transformer,
  title={Attention is all you need},
  author={Vaswani, Ashish and Shazeer, Noam and Parmar, Niki and Uszkoreit, Jakob and Jones, Llion and Gomez, Aidan N and Kaiser, {\L}ukasz and Polosukhin, Illia},
  journal={Advances in Neural Information Processing Systems (NIPS)},
  volume={30},
  year={2017},
}

@InProceedings{bert,
  author    = {Devlin, Jacob and Chang, Ming-Wei and Lee, Kenton and Toutanova, Kristina},
  booktitle = {Proceedings of the 2019 Conferenceof the North American Chapter of the Associationfor Computational Linguistics: Human Language Technologies},
  title     = {{BERT}: Pre-training of Deep Bidirectional Transformers for Language Understanding},
  year      = {2019},
  volume    = {1},
}

@inproceedings{relm,
  title={Chinese Spelling Correction as Rephrasing Language Model},
  author={Liu, Linfeng and Wu, Hongqiu and Zhao, Hai},
  booktitle={Proceedings of the AAAI Conference on Artificial Intelligence},
  volume={38},
  number={17},
  pages={18662--18670},
  year={2024}
}

@Book{nlp,
  author    = {赵海},
  publisher = {清华大学出版社},
  title     = {自然语言理解},
  year      = {2023},
  address   = {北京},
  isbn      = {9787302627784},
}

@Misc{bertc,
  author = {google-bert},
  title  = {bert-base-chinese},
  date   = {2023-02-19},
  urldate      = {2024-05-25},
  url    = {https://huggingface.co/google-bert/bert-base-chinese},
}

@misc{kaggle,
  author = {Xinbei,Ma},
  title ={SJTU NLP Course 4G24},
  date = {2024-04-24},
  urldate = {2024-05-25},
  url = {https://www.kaggle.com/competitions/sjtu-nlp-course-4g24}
}

@article{qwen,
  title={Qwen Technical Report},
  author={Jinze Bai and Shuai Bai and Yunfei Chu and Zeyu Cui and Kai Dang and Xiaodong Deng and Yang Fan and Wenbin Ge and Yu Han and Fei Huang and Binyuan Hui and Luo Ji and Mei Li and Junyang Lin and Runji Lin and Dayiheng Liu and Gao Liu and Chengqiang Lu and Keming Lu and Jianxin Ma and Rui Men and Xingzhang Ren and Xuancheng Ren and Chuanqi Tan and Sinan Tan and Jianhong Tu and Peng Wang and Shijie Wang and Wei Wang and Shengguang Wu and Benfeng Xu and Jin Xu and An Yang and Hao Yang and Jian Yang and Shusheng Yang and Yang Yao and Bowen Yu and Hongyi Yuan and Zheng Yuan and Jianwei Zhang and Xingxuan Zhang and Yichang Zhang and Zhenru Zhang and Chang Zhou and Jingren Zhou and Xiaohuan Zhou and Tianhang Zhu},
  journal={arXiv preprint arXiv:2309.16609},
  year={2023}
}

@misc{qwensft,
  author={Macropodus},
  title={Qwen1.5-SFT},
  date={2024-05-17},
  urldate={2024-05-25},
  url={https://github.com/yongzhuo/qwen2-sft}
}

@Comment{jabref-meta: databaseType:bibtex;}
